
@BOOK{GONZALEZ2002,
  TITLE = {Digital Image Processing},
  AUTHOR = {Rafael C. Gonzalez, Richard E. Woods},
  YEAR = {2002},
}

@online{MOBILEVISION,
  author = {{Google} Developers},
  title = {Text Recognition API Overview},
  year = 2017,
  url = {https://developers.google.com/vision/android/text-overview},
  urldate = {2019-05-20}
}

@online{INTROMOBILEVISION,
  author = {{Google} Developers},
  title = {Text Recognition API Overview},
  year = 2017,
  url = {https://developers.google.com/vision/introduction},
  urldate = {2019-05-20}
}

@online{CODELABS,
  author = {{Google} Codelabs},
  title = {Recognize text, facial features, and objects in images with ML Kit for Firebase: Android},
  year = 2019,
  url = {https://codelabs.developers.google.com/codelabs/mlkit-android/#0},
  urldate = {2019-05-20}
}

@article{ANDRADE2016,
author = {RICARDO ANDRADE},
file = {:Users/fabianogadenz/Downloads/TCC Ricardo Pasin Andrade.pdf:pdf},
title = {DESENVOLVIMENTO DE UM APLICATIVO MÓVEL COM OCR E RECONHECIMENTO DE VOZ PARA LEITURA DE CONSUMO DE ÁGUA E GÁS EM CONDOMÍNIOS},
year = {2016}
}
@article{Victor2017,
author = {José Victor Feijó de Araujo},
file = {:Users/fabianogadenz/Downloads/TCC{\_}JOSE{\_}VICTOR{\_}FEIJ{\'{O}}.pdf:pdf},
mendeley-groups = {tcc 2.0/pdi},
title = {ANÁLISE E CLASSIFICAÇÃO DE IMAGENS PARA APLICAÇÃO DE OCR EM CUPONS FISCAIS},
year = {2017}
}


@BOOK{GONZALEZ2006,
  TITLE = {Digital Image Processing},
  AUTHOR = {Rafael C. Gonzalez, Richard E. Woods},
  YEAR = {2006},
}

@article{Huang1996,
abstract = {In this paper we give a somewhat personal and perhaps biased overview of the field of Computer Vision. First, we define computer vision and give a very brief history of it. Then, we outline some of the reasons why computer vision is a very difficult research field. Finally, we discuss past, present, and future applications of computer vision. Especially, we give some examples of future applications which we think are very promising.},
author = {Huang, T S},
file = {:Users/fabianogadenz/Downloads/p21.pdf:pdf},
journal = {University of Illinois},
mendeley-groups = {tcc 2.0/pdi},
pages = {5},
title = {{Computer Vision: Evolution and Promise}},
url = {http://cds.cern.ch/record/400313/files/p21.pdf},
year = {1996}
}


@BOOK{GONZALEZ1992,
  TITLE = {Digital Image Processing},
  AUTHOR = {Rafael C. Gonzalez, Richard E. Woods},
  YEAR = {1992},
}

@BOOK{PEDRINI2008,
  TITLE = {Análise de Imagens Digitais: Princípios, Algoritmos e Aplicações},
  AUTHOR = {Hélio Pedrini and William Robson Schwartz},
  YEAR = {2007},
}

@MISC{HOUGHKIM,
	HOWPUBLISHED = "\url{http://www.lps.usp.br/hae/apostila/hough.pdf}",
	AUTHOR = "{Hae Kim}",
	TITLE = "Transformada de Hough para detectar retas",
	NOTE = "Accessed on 2019-05-16"
}

@BOOK{SZELISKU2010,
  TITLE = {Computer Vision: Algorithms and Applications},
  AUTHOR = {Richard Szeliski},
  YEAR = {2010},
  urlaccessdate={15 mai. 2019},
  file = {http://szeliski.org/Book/},
}
@article{Franco2013,
author = {Franco, C R},
file = {:Users/fabianogadenz/Downloads/Cristiano Roberto Franco.pdf:pdf},
mendeley-groups = {tcc 2.0/pdi},
title = {{Identifica{\c{c}}{\~{a}}o da utiliza{\c{c}}{\~{a}}o de cinto de seguran{\c{c}}a em condutores de autom{\'{o}}veis atrav{\'{e}}s de vis{\~{a}}o computacional.}},
year = {2013}
}


@book{marques1999,
author = {Oge Marques and Hugo Vieira},
file = {:Users/fabianogadenz/Downloads/pdi99.pdf:pdf},
isbn = {8574520098},
year = {1999},
mendeley-groups = {tcc 2.0/pdi},
title = {{Processamento Digital de Imagens}}
}
@article{Goswami2013,
abstract = {Character Recognition (CR) has been studied from the past several decades, and is still a demanding research topic in the field of pattern recognition and image processing. There is a large demand for Optical Character Recognition on hand written documents. Now days, the rapidly growing computational power enables the implementation of the present Character Recognition methodologies and creates a growing demand on many emerging application fields, which require further advanced methodologies. This paper provides a comprehensive review of existing works in handwritten character recognition based on soft computing technique during the past decade.},
author = {Richa Goswami and O.P. Sharma},
doi = {10.5120/14460-2737},
file = {:Users/fabianogadenz/Downloads/ca54eb8a42453ac475e58d6c36e83e65f1b6.pdf:pdf},
journal = {International Journal of Computer Applications},
keywords = {handwritten character recognition,segmentation,training and recognition},
number = {7},
pages = {18--23},
title = {{A Review on Character Recognition Techniques}},
volume = {83},
year = {2013}
}



@article{Eikvil1993,
author = {Eikvil, Line},
file = {:Users/fabianogadenz/Downloads/OCR.pdf:pdf},
number = {December},
title = {{Line Eikvil, OCR- Optical Character Recognition., December 1993..pdf}},
year = {1993}
}

@article{Permendikbud2016,
archivePrefix = {arXiv},
arxivId = {arXiv:1011.1669v3},
author = {Er. Neetu Bhatia},
doi = {https://doi.org/10.3929/ethz-b-000238666},
eprint = {arXiv:1011.1669v3},
file = {:Users/fabianogadenz/Downloads/TCC Ricardo Pasin Andrade.pdf:pdf},
isbn = {9780511993398},
issn = {00219606},
volume = {4},
year = {2014}
}

@article{Bhatia2014,
abstract = {This paper presents detailed review in the field of Optical Character Recognition. Various techniques are determine that have been proposed to realize the center of character recognition in an optical character recognition system. Even},
author = {Er. Neetu Bhatia},
file = {:Users/fabianogadenz/Downloads/584576423b366ad7bdf03d5fc136a2e958e6.pdf:pdf},
title = {{Optical Character Recognition Techniques: A Review}},
volume = {4},
year = {2014}
}



@article{ZHANG2007,
author = {Zhengyou Zhang and Li-Wei He},
file = {:https://www.sciencedirect.com/science/article/pii/S1051200406000595},
year = {2007},
title = {{Whiteboard Scanning and Image Enhancement}}
}



@INPROCEEDINGS{FUJITA2007,
  author = {PATRICIA FUJITA , P. T. L.},
  title = {A apresentação gráfica informacional da bula de medicamento:
considerações sobre a composição gráfica relacionada à sua classificação textual},
  booktitle = { In: 3
Congresso Internacional de Design da Informação},
  year = {2007},
}
@article{ISRAEL2003,
author = {Israel Andrade Esquef and Marcio Portes de Albuquerque and Marcelo Portes de Albuquerque},
file = {:Users/fabianogadenz/Downloads/cap3webfinal.pdf:pdf},
journal = {Pearson Prentice Hall},
mendeley-groups = {tcc 2.0},
pages = {624},
title = {{Processamento Digital de Imagens}},
year = {2003}
}

@article{Mithe2013,
author = {Ravina Mithe and Supriya Indalkar and Nilam Divekar
Abstract},
file = {:Users/fabianogadenz/Downloads/4f04d5ce3c3592832eb40c23cc8fc5a9131e.pdf:pdf},
title = {{Optical character recognition}},
year = {2013}
}


@article{Pereira,
author = {Fernando Reiszel and Denise Del Re Filippo},
file = {:Users/fabianogadenz/Downloads/6105-Texto do artigo-23024-1-10-20170728.pdf:pdf},
mendeley-groups = {tcc 2.0/ocr},
pages = {29--42},
title = {{Determina{\c{c}}{\~{a}}o de v{\'{e}}rtices para corre{\c{c}}{\~{a}}o autom{\'{a}}tica de perspectiva}},
year = {2017}
}



@article{Rodrigues2002,
author = {Fabrício Augusto Rodrigues },
file = {:Users/fabianogadenz/Downloads/Dissertacao{\_}FabricioAugustoRodrigues.pdf:pdf},
mendeley-groups = {ALPR,tcc 2.0/pdi},
title = {{Dissertacao{\_}Localiza{\c{c}}{\~{a}}o e Reconhecimento de Placas de Sinaliza{\c{c}}{\~{a}}o}},
year = {2002}
}

@article{Silva2001,
annote = {bordas},
author = {Silva, L},
file = {:Users/fabianogadenz/Downloads/tcc/D - SILVA, LUCIANO.pdf:pdf},
mendeley-groups = {tcc 2.0,tcc 2.0/pdi},
title = {{Segmentaçao de imagens de profundidade por detecçao de bordas}},
year = {2001}
}



@article{Silveira2006,
abstract = {OBJETIVO: Operacionalizar um protocolo para a corre{\c{c}}{\~{a}}o de imagens obtidas por videofluoroscopia a partir de um modelo matem{\'{a}}tico descrito por Baltzopoulos (1995) e avaliar a magnitude do erro pelos m{\'{e}}todos de calibra{\c{c}}{\~{a}}o linear e n{\~{a}}o linear. MATERIAIS E M{\'{E}}TODOS: As imagens foram obtidas por meio de um videofluorosc{\'{o}}pio da marca Axion Siemens Iconos R100 de um indiv{\'{i}}duo realizando exerc{\'{i}}cio de extens{\~{a}}o de joelho. Para a corre{\c{c}}{\~{a}}o das imagens foi utilizado padr{\~{a}}o de calibra{\c{c}}{\~{a}}o n{\~{a}}o-linear. O processamento dos dados foi realizado em placa de captura da marca Silicon Graphics 320 e posteriormente analisado em um "software" Matlab. RESULTADOS: Para demonstrar a aplicabilidade do m{\'{e}}todo foi avaliada a deforma{\c{c}}{\~{a}}o do ligamento patelar. A utiliza{\c{c}}{\~{a}}o do padr{\~{a}}o de calibra{\c{c}}{\~{a}}o linear produziu um erro m{\'{a}}ximo de 0,086 mm, enquanto o padr{\~{a}}o de calibra{\c{c}}{\~{a}}o n{\~{a}}o linear atingiu um valor m{\'{a}}ximo de 0,019 mm. J{\'{a}} com rela{\c{c}}{\~{a}}o ao erro m{\'{e}}dio, a calibra{\c{c}}{\~{a}}o linear atingiu o valor de 0,024 mm, e a n{\~{a}}o linear apresentou um valor de 0,007 mm. CONCLUS{\~{A}}O: Os resultados evidenciam a necessidade de utiliza{\c{c}}{\~{a}}o de um procedimento de calibra{\c{c}}{\~{a}}o n{\~{a}}o linear.OBJECTIVE: To implement a protocol for correction of images acquired by videofluoroscopy based on the mathematical model described by Baltzopoulos (1995) and to evaluate the magnitude of error in the linear and non-linear calibration methods. MATERIALS AND METHODS: The images were acquired using a Axion Siemens Iconos R100 videofluoroscope from one individual during knee extension exercise. A non-linear calibration pattern was used for the correction of the images. Data was processed using a Silicon Graphics 320 capture plate and subsequently analyzed using the Matlab software. RESULTS: In order to demonstrate the method's applicability, the deformation of the patellar ligament was evaluated. The use of a linear calibration pattern produced a maximum error of 0.086 mm, while the non-linear calibration pattern reached a maximum value of 0.019 mm. According to the mean error, the linear calibration was 0.024 mm, and the non-linear presented a value of 0.007 mm. CONCLUSION: The results show the need to use a non-linear calibration procedure.},
author = {Silveira, Luis Felipe and Loss, Jefferson Fagundes and Ca{\~{n}}eiro, Jo{\~{a}}o Paulo and Bernardes, Caroline and Aldabe, Daniela and de Araujo, Manoel {\^{A}}ngelo},
doi = {10.1590/s0100-39842005000600009},
file = {:Users/fabianogadenz/Downloads/27218.pdf:pdf},
journal = {Radiologia Brasileira},
keywords = {images calibration,knee,patellar ligament,videofluoroscopy},
mendeley-groups = {tcc 2.0/ocr},
number = {6},
pages = {427--430},
title = {{M{\'{e}}todo para a corre{\c{c}}{\~{a}}o da distor{\c{c}}{\~{a}}o de imagens obtidas por videofluoroscopia}},
volume = {38},
year = {2006}
}


@article{Lourdes2010,
abstract = {Resumo. O objetivo deste trabalho {\'{e}} classificar o n{\'{o}}dulo de uma imagem mamogr{\'{a}}fica como maligno ou benigno de forma autom{\'{a}}tica, tomando-se como base a intensidade do pixel e a sua morfologia. Na etapa de pr{\'{e}}-processamento, o fundo e os ru{\'{i}}dos s{\~{a}}o removidos. A regi{\~{a}}o de interesse {\'{e}} detectada e destacada. Para treinar e testar o m{\'{e}}todo proposto, 20 imagens com diagn{\'{o}}stico confirmado foram utilizadas. Palavras-chave: processamento digital de imagens, c{\^{a}}ncer, mamografia. Abstract. The aim of this research is to classify a node from a mammography image as malignant or benignant in an automated way based at the pixel intensity and the mode morphology. At the preprocessing step, the background and the noises are removed. The note region is detected and its boundary and interior are highlighted. To train and test the method proposed, 20 images with confirmed diagnosis were used.},
author = {Lourdes, M{\^{o}}nica De and Batista, Souza and Conci, Aura and Motta, Leonardo and Muinhos, S{\'{e}}rgio},
file = {:Users/fabianogadenz/Downloads/Mzk1.pdf:pdf},
mendeley-groups = {tcc 2.0},
title = {{Processamento digital de imagens para a detec{\c{c}}{\~{a}}o e classifica{\c{c}}{\~{a}}o de n{\'{o}}dulos em mamografias}},
year = {2010}
}



@article{Antonio,
author = {Antonio, Lucas and Godoi, Alves D E and Degrandi, Luis Fernando and Miguel, Victor Hernandes},
file = {:Users/fabianogadenz/Downloads/godoi-lucas-antonio-alves-de.pdf:pdf},
keywords = {edge detector,model color hsm and,segmentation of the palm},
mendeley-groups = {tcc 2.0},
title = {{SISBORD – Sistema de Detec{\c{c}}{\~{a}}o de Borda da Palma da M{\~{a}}o pela Diferen{\c{c}}a de Luminosidade}},
year = {2010}
}


@article{Goncalves2016,
annote = {TIREI BASTANTE COISA SOBRE IMAGEM},
author = {Gon{\c{c}}alves, Julio Cesar},
file = {:Users/fabianogadenz/Downloads/tcc/RECONHECIMENTO DE D{\'{I}}GITOS EM IMAGENS DE MEDIDORES DE CONSUMO DE G{\'{A}}S NATURAL UTILIZANDO T{\'{E}}CNICAS DE VIS{\~{A}}O COMPUTACIONAL.pdf:pdf},
mendeley-groups = {tcc 2.0/ocr},
title = {{Reconhecimento de d{\'{i}}gitos em imagens de medidores de consumo de g{\'{a}}s natural utilizando t{\'{e}}cnicas de vis{\~{a}}o computacional}},
year = {2016}
}

@article{Almeida2018,
author = {Almeida, Luiz},
file = {:Users/fabianogadenz/Downloads/TCC{\_}-{\_}Luiz{\_}Eduardo{\_}P.{\_}M.{\_}Almeida{\_}-{\_}Vers{\~{a}}o{\_}Final.pdf:pdf},
title = {{Estudo de caso em Reconhecimento Autom{\'{a}}tico de Placas Veiculares usando linguagem de programa{\c{c}}{\~{a}}o Python}},
url = {http://www.cear.ufpb.br/arquivos/cgee/TCC/TCC{\_}-{\_}Luiz{\_}Eduardo{\_}P.{\_}M.{\_}Almeida{\_}-{\_}Vers{\~{a}}o{\_}Final.pdf},
year = {2018}
}

@misc{PORTALANVISA2019,
 title   ={Perguntas e respostas sobre bulas},
 url     ={http://portal.anvisa.gov.br/perguntas-e-respostas-sobre-bulas},
 organization={ANVISA},
 urlaccessdate={12 abr. 2019}
}


@INPROCEEDINGS{FUJITA2006,
  author = {Patricia Lopes Fujita , Carla Spinillo},
  title = {A apresentação gráfica de bula de
medicamentos: um estudo sob a perspectiva da ergonomia informacional.},
  booktitle = { 6º
Congresso Internacional de Ergonomia e Usabilidade de Interfaces Humano},
  year = {2006},
  keywords = {Tecnologia: Produtos, Informação, Ambiente Construído, Transporte, 2006, Bauru. }
}

@MISC{jornaldocomercio1,
  author = {Jornal Do Comercio},
  title = {Crescimento da população de idosos acelera no Brasil},
  year = {2018},
  timestamp = {2019.04.12},
  url = {https://www.jornaldocomercio.com/_conteudo/2018/04/economia/624392-crescimento-da-populacao-de-idosos-acelera-no-brasil.html},
  urlaccessdate = {12 de abril de 2019}
}







@INPROCEEDINGS{altug02,
  author = {Altug, E. and Ostrowski, J.P. and Mahony, R.},
  title = {Control of a quadrotor helicopter using visual feedback},
  booktitle = {Robotics and Automation, 2002. Proceedings. ICRA '02. IEEE International
	Conference on},
  year = {2002},
  volume = {1},
  pages = {72-77 vol.1},
  doi = {10.1109/ROBOT.2002.1013341},
  keywords = {aerospace robotics;aircraft control;helicopters;linearisation techniques;mobile
	robots;optical feedback;robot vision;UAV;backstepping-like control
	law;feedback linearization;four-rotor helicopter;ground camera;mode-based
	feedback linearizing controller series;pose estimation;quadrotor
	helicopter control;visual feedback;Aircraft;Equations;Helicopters;Inspection;Linear
	feedback control systems;Motion control;Remotely operated vehicles;Surveillance;Unmanned
	aerial vehicles;Vehicle dynamics}
}

@INPROCEEDINGS{augIROS12,
  author = {Augugliaro, F. and Schoellig, A. and D'Andrea, R.},
  title = {Generation of collision-free trajectories for a quadrocopter fleet:
	A sequential convex programming approach},
  booktitle = {Proc. of the IEEE/RSJ Int. Conf. on Intelligent Robots and Systems
	(IROS)},
  year = {2012},
  pages = {1917-1922},
  timestamp = {2009.07.02}
}

@UNPUBLISHED{borestein93,
  author = {Johann Borenstein},
  title = {The HoverBot -- An Electrically Powered Flying Robot},
  year = {1993},
  owner = {fernando},
  timestamp = {2013.03.12}
}

@PHDTHESIS{bouabdallah07,
  author = {Samir Bouabdallah},
  title = {Design and control of quadrotors with application to autonomous flying},
  school = {École Polytechnique Fédérale de Lausanne},
  year = {2007},
  type = {Doutorado},
  address = {Lausanne, Switzerland},
  owner = {fernando},
  timestamp = {2013.03.13}
}

@INPROCEEDINGS{dryanovski11,
  author = {Dryanovski, I. and Morris, W. and Jizhong Xiao},
  title = {An open-source pose estimation system for micro-air vehicles},
  booktitle = {Robotics and Automation (ICRA), 2011 IEEE International Conference
	on},
  year = {2011},
  pages = {4449-4454},
  doi = {10.1109/ICRA.2011.5980315},
  issn = {1050-4729},
  keywords = {Global Positioning System;SLAM (robots);aircraft control;laser ranging;mobile
	robots;pose estimation;remotely operated vehicles;sensors;2D SLAM;3D
	mapping experiments;GPS-denied indoor environments;IMU sensor;microair
	vehicles;open-source 6-DoF pose estimation system;open-source robotics;planar
	laser range-finder;Estimation;Lasers;Open source software;Robots;Sensors;Three
	dimensional displays;Vehicles}
}

@INPROCEEDINGS{ducIEEE09,
  author = {Guillaume Ducard and Raffaello D’Andrea},
  title = {Autonomous quadrotor flight using a vision system and accommodating
	frames misalignment},
  booktitle = {Industrial Embedded Systems, 2009. SIES '09. IEEE International Symposium
	on},
  year = {2009},
  pages = {261--264},
  organization = {IEEE}
}

@INPROCEEDINGS{earCDC04,
  author = {Earl, M.G. and D'Andrea, R.},
  title = {Real-time attitude estimation techniques applied to a four rotor
	helicopter},
  booktitle = {Decision and Control (CDC), 2004 IEEE International Conference on},
  year = {2004},
  volume = {4},
  pages = {3956--3961},
  organization = {IEEE}
}

@UNPUBLISHED{oficinas2,
  author = {Gerson L. S. Filho and Gustavo T. Rudiguer and Jonathan P. M. do
	Nascimento},
  title = {Quadricoptero},
  year = {2011},
  owner = {fernando},
  timestamp = {2013.03.19},
  url = {http://pessoal.utfpr.edu.br/msergio/Monog-11-2-Quadricoptero.pdf},
  urlaccessdate = {19 de março de 2013}
}

@INPROCEEDINGS{hehIROS12,
  author = {Hehn, M. and D'Andrea, R.},
  title = {Real-time trajectory generation for interception maneuvers with quadrocopters},
  booktitle = {IEEE/RSJ International Conference on Intelligent Robots and Systems
	},
  year = {2012},
  pages = {4979--4984},
  organization = {IEEE}
}

@INPROCEEDINGS{hehICRA11,
  author = {Hehn, M. and D'Andrea, R.},
  title = {A flying inverted pendulum},
  booktitle = {Robotics and Automation (ICRA), 2011 IEEE International Conference
	on},
  year = {2011},
  pages = {763--770},
  organization = {IEEE}
}

@INPROCEEDINGS{hehIFAC11,
  author = {Hehn, M. and D’Andrea, R.},
  title = {Quadrocopter trajectory generation and control},
  booktitle = {Proceedings of the IFAC world congress},
  year = {2011},
  pages = {1485--1491}
}

@ARTICLE{hehAR12,
  author = {Hehn, Markus and Ritz, Robin and D'Andrea, Raffaello},
  title = {Performance benchmarking of quadrotor systems using time-optimal
	control},
  journal = {Autonomous Robots},
  year = {2012},
  volume = {33},
  pages = {69-88},
  note = {10.1007/s10514-012-9282-3},
  affiliation = {Institute for Dynamic Systems and Control, ETH Zurich, Zurich, Switzerland},
  issn = {0929-5593},
  issue = {1},
  keyword = {Computer Science},
  publisher = {Springer Netherlands},
  url = {http://dx.doi.org/10.1007/s10514-012-9282-3}
}

@INPROCEEDINGS{starmac04,
  author = {Gabe Hoffmann and Dev Gorur Rajnarayan and Steven L. Waslander and
	David Dostal and Jung Soon Jang
	
	 and Claire J. Tomlin},
  title = {The Stanford Testbed of Autonomous Rotorcraft for Multi-Agent Control
	(STARMAC)},
  booktitle = {23rd Digital Avionics System Conference},
  year = {2004},
  owner = {fernando},
  timestamp = {2013.03.13}
}

@INPROCEEDINGS{starmac07,
  author = {Gabriel M. Hoffmann and Haomiao Huang and Steven L. Waslander and
	Claire J. Tomlin},
  title = {Quadrotor Helicopter Flight Dynamics and Control: Theory and Experiment},
  booktitle = {AIAA Guidance, Navigation and Control Conference and Exhibit},
  year = {2007},
  owner = {fernando},
  timestamp = {2013.03.13}
}

@TECHREPORT{kroo01,
  author = {Ilan Kroo and Fritz Prinz},
  title = {The Mesicopter: A Miniature Rotorcraft Concept},
  institution = {Stanford University},
  year = {2001},
  type = {Phase II Final Report},
  owner = {fernando},
  timestamp = {2013.03.12}
}

@MISC{lambermont58,
  author = {P. Lambermont},
  title = {Convertawings Model A},
  year = {2013},
  owner = {fernando},
  timestamp = {2013.03.12},
  url = {http://www.aviastar.org/helicopters_eng/convertawings.php},
  urlaccessdate = {12 de março de 2013}
}

@MISC{leishman00,
  author = {J. Gordon Leishman},
  title = {A History of Helicopter Flight},
  year = {2000},
  owner = {fernando},
  timestamp = {2013.03.12},
  url = {http://terpconnect.umd.edu/~leishman/Aero/history.html},
  urlaccessdate = {12 de março de 2013}
}

@INPROCEEDINGS{lopes2011,
  author = {Renato V. Lopes and Pedro H. de R. Quemel and Assis Santana and Geovany
	A. Borges and João Y. Ishihara},
  title = {Model Predictive Control applied to tracking and attitude stabilization
	of a {VTOL} quadrotor aircraft},
  booktitle = {21st International Congress of Mechanical Engineering},
  year = {2011},
  pages = {24-28},
  address = {Natal, RN, Brazil},
  month = {October},
  owner = {fernando},
  timestamp = {2013.03.13}
}

@ARTICLE{Lupashin2012,
  author = {Lupashin, Sergei and D'Andrea, Raffaello},
  title = {Adaptive fast open-loop maneuvers for quadrocopters},
  journal = {Autonomous Robots},
  year = {2012},
  volume = {33},
  pages = {89-102},
  affiliation = {Institute for Dynamic Systems and Control, ETH Zurich, Sonneggstr.
	3, ML K 36.2, 8092 Zurich, Switzerland},
  issn = {0929-5593},
  issue = {1},
  keyword = {Computer Science},
  publisher = {Springer Netherlands},
  url = {http://dx.doi.org/10.1007/s10514-012-9289-9}
}

@INPROCEEDINGS{Lupashin2010,
  author = {Lupashin, S. and Schoellig, A. and Sherback, M. and D'Andrea, R.},
  title = {A simple learning strategy for high-speed quadrocopter multi-flips},
  booktitle = {Robotics and Automation (ICRA), 2010 IEEE International Conference
	on},
  year = {2010},
  pages = {1642--1648},
  organization = {IEEE}
}

@INPROCEEDINGS{lupICRA10,
  author = {Lupashin, S. and Schollig, A. and Hehn, M. and D'Andrea, R.},
  title = {The Flying Machine Arena as of 2010},
  booktitle = {Robotics and Automation (ICRA), 2011 IEEE International Conference
	on},
  year = {2011},
  pages = {2970--2971},
  doi = {10.1109/ICRA.2011.5980308},
  issn = {1050-4729},
  keywords = {FMA hardware;FMA infrastructure;Flying Machine Arena;aerial robotics;autonomous
	systems;indoor research space;motion capture system;quadrocopters;software
	tools;vehicle localization;helicopters;mobile robots;motion estimation;multi-robot
	systems;software tools;}
}

@MASTERSTHESIS{melo2010,
  author = {Alexandre Secchin de Melo},
  title = {Implementação de um Quadrotor como Plataforma de Desenvolvimento
	para Algoritmos de Controle},
  school = {Universidade Federal do Espírito Santo},
  year = {2010},
  type = {Mestrado}
}

@INPROCEEDINGS{michael2010,
  author = {Nathan Michael and Daniel Mellinger and Quentin Lindsey and Vijay
	Kumar},
  title = {The {GRASP} Multiple Micro-{UAV} Testbed},
  booktitle = {IEEE Robotics \& Automation Magazine},
  year = {2010}
}

@INPROCEEDINGS{Muller2012,
  author = {Muller, F. L. and Schoellig, A. and D'Andrea, R.},
  title = {Iterative Learning of Feed-Forward Corrections for High-Performance
	Tracking},
  booktitle = {Proc. of the IEEE/RSJ Int. Conf. on Intelligent Robots and Systems
	(IROS)},
  year = {2012},
  pages = {3276-3281},
  owner = {Angela},
  timestamp = {2009.07.02}
}

@INPROCEEDINGS{mulIROS12,
  author = {Muller, M. and D'Andrea, R.},
  title = {Critical subsystem failure mitigation in an indoor UAV testbed},
  booktitle = {IEEE/RSJ International Conference on Intelligent Robots and Systems},
  year = {2012},
  pages = {780--785},
  organization = {IEEE}
}

@INPROCEEDINGS{mulIROS11,
  author = {Muller, M. and Lupashin, S. and D'Andrea, R.},
  title = {Quadrocopter ball juggling},
  booktitle = {Intelligent Robots and Systems (IROS), 2011 IEEE/RSJ International
	Conference on},
  year = {2011},
  pages = {5113--5120},
  organization = {IEEE}
}

@PHDTHESIS{niceCU04,
  author = {Nice, E.B.},
  title = {Design of a four rotor hovering vehicle},
  school = {Cornell University},
  year = {2004},
  type = {Mestrado}
}

@INPROCEEDINGS{pounds06,
  author = {Paul Pounds and Robert Mahony and Peter Corke},
  title = {Modelling and Control of a Quad-Rotor Robot},
  booktitle = {Australasian Conference on Robotics \& Automation},
  year = {2006},
  address = {Auckland, New Zealand},
  organization = {Australian National University},
  owner = {fernando},
  timestamp = {2013.03.13}
}

@INPROCEEDINGS{pounds02,
  author = {P. Pounds and R. Mahony and P. Hynes and J. Roberts},
  title = {Design of a Four-Rotor Aerial Robot},
  booktitle = {Australasian Conference on Robotics and Automation},
  year = {2002},
  address = {Auckland, New Zealand},
  organization = {Australian National University},
  owner = {fernando},
  timestamp = {2013.03.13}
}

@INPROCEEDINGS{purICRA09,
  author = {Purwin, O. and D'Andrea, R.},
  title = {Performing aggressive maneuvers using iterative learning control},
  booktitle = {Robotics and Automation, 2009. ICRA'09. IEEE International Conference
	on},
  year = {2009},
  pages = {1731--1736},
  organization = {IEEE}
}

@INPROCEEDINGS{ritIROS11,
  author = {Ritz, R. and Hehn, M. and Lupashin, S. and D'Andrea, R.},
  title = {Quadrocopter performance benchmarking using optimal control},
  booktitle = {Intelligent Robots and Systems (IROS), 2011 IEEE/RSJ International
	Conference on},
  year = {2011},
  pages = {5179--5186},
  organization = {IEEE}
}

@INPROCEEDINGS{ritIROS12,
  author = {Ritz, R. and Mueller, M. and D'Andrea, R.},
  title = {Cooperative Quadrocopter Ball Throwing and Catching},
  booktitle = {IEEE/RSJ International Conference on Intelligent Robots and Systems},
  year = {2012},
  pages = {4972--4978},
  organization = {IEEE}
}

@INPROCEEDINGS{schIROS10,
  author = {Schoellig, A. and Augugliaro, F. and D'Andrea, R.},
  title = {A platform for dance performances with multiple quadrocopters},
  booktitle = {Proceedings of the IEEE/RSJ International Conference on Intelligent
	Robots and Systems (IROS)-Workshop on Robots and Musical Expressions},
  year = {2010},
  pages = {1--8}
}

@INPROCEEDINGS{Schoellig_ICRA2010,
  author = {Angela Schoellig and Federico Augugliaro and Sergei Lupashin and
	Raffaello D’Andrea},
  title = {Synchronizing the Motion of a Quadrocopter to Music},
  booktitle = {Robotics and Automation (ICRA), 2010 IEEE International Conference
	on},
  year = {2010},
  owner = {fernando},
  timestamp = {2013.03.01}
}

@INPROCEEDINGS{schACC11,
  author = {Schoellig, A. and Hehn, M. and Lupashin, S. and D'Andrea, R.},
  title = {Feasibility of motion primitives for choreographed quadrocopter flight},
  booktitle = {American Control Conference (ACC), 2011},
  year = {2011},
  pages = {3843--3849},
  issn = {0743-1619},
  keywords = {ETH Flying Machine Arena;choreographed quadrocopter flight;first principles
	model;motor thrust limit;parameter constraint;parameterized motion
	primitives;preprogrammed quadrocopter performance;quadrocopter motion;trajectory;truncated
	Fourier series;vehicle dynamics;Fourier series;aircraft control;helicopters;motion
	control;position control;vehicle dynamics;}
}

@ARTICLE{schAR12,
  author = {Schoellig, Angela and Mueller, Fabian and D'Andrea, Raffaello},
  title = {Optimization-based iterative learning for precise quadrocopter trajectory
	tracking},
  journal = {Autonomous Robots},
  year = {2012},
  volume = {33},
  pages = {103-127},
  affiliation = {Institute for Dynamic Systems and Control (IDSC), ETH Zurich, Zurich,
	Switzerland},
  issn = {0929-5593},
  issue = {1},
  keyword = {Computer Science},
  publisher = {Springer Netherlands}
}

@INPROCEEDINGS{schACC12,
  author = {Schoellig, A. and Wiltsche, C. and D'Andrea, R.},
  title = {Feed-forward parameter identification for precise periodic quadrocopter
	motions},
  booktitle = {American Control Conference (ACC), 2012},
  year = {2012},
  pages = {4313 -4318},
  month = {june},
  issn = {0743-1619}
}

@INPROCEEDINGS{shen12,
  author = {Shaojie Shen and Michael, Nathan and Kumar, V.},
  title = {Autonomous indoor 3D exploration with a micro-aerial vehicle},
  booktitle = {Robotics and Automation (ICRA), 2012 IEEE International Conference
	on},
  year = {2012},
  pages = {9-15},
  doi = {10.1109/ICRA.2012.6225146},
  issn = {1050-4729},
  keywords = {autonomous aerial vehicles;differential equations;microrobots;Newtonian
	dynamics;autonomous indoor 3D exploration;microaerial vehicle;payload
	constrained microaerial vehicle;stochastic differential equation-based
	exploration algorithm;three-dimensional indoor environments;Mathematical
	model;Navigation;Payloads;Robot sensing systems;Vehicles}
}

@INPROCEEDINGS{stowers11,
  author = {Stowers, J. and Hayes, M. and Bainbridge-Smith, A.},
  title = {Altitude control of a quadrotor helicopter using depth map from Microsoft
	Kinect sensors},
  booktitle = {Mechatronics (ICM), 2011 IEEE International Conference on},
  year = {2011},
  pages = {358-362},
  doi = {10.1109/ICMECH.2011.5971311},
  keywords = {aerospace control;helicopters;image sensors;mobile robots;peripheral
	interfaces;robot vision;Microsoft Kinect sensor;altitude control;autonomous
	robotic control systems;commodity game controller peripheral;depth
	map;image sensors;quadrotor helicopter;real-time robotics control
	application;reliable depth estimation;Cameras;Image resolution;Indexes;Microsoft
	Kinect;depth map;quadrotor;visual flight control}
}

@INPROCEEDINGS{tonWC11,
  author = {Tonetti, S. and Hehn, M. and Lupashin, S. and D'Andrea, R.},
  title = {Distributed Control of Antenna Array with Formation of UAVs},
  booktitle = {World Congress},
  year = {2011},
  volume = {18},
  number = {1},
  pages = {7848--7853}
}

@BOOK{oge1999,
  title = {Processamento Digital de Imagens},
  year = {1999},
 publisher = {Brasport},
  author = {Ogê Marques Filho and Hugo Vieira Neto},
  address={Rio de Janeiro}
}

@MastersThesis{Ferrero2009,
author = {Ferrero, C. A.},
school = {Institute of Mathematics and Computer Science - University of São Paulo},
title = {{kNN} Algorithm for Time Series Forecasting: Prediction Functions and Criteria to Select Nearest Neighbors applied to environmental variables in Limnology (in {P}ortuguese)},
year = {2009}
}

@inproceedings{AikesJunior2011,
address = {\'{A}guas de Lind\'{o}ia},
author = {{AIKES JUNIOR}, J. and Lee, H. D. and Ferrero, C. A. and Zalewski, W. and Wu, F. C.},
booktitle = {X Confer\^{e}ncia Brasileira de Din\^{a}mica, Controle e Aplica\c{c}\~{o}es},
file = {:D$\backslash$:/Dropbox/Mestrado/Dincon/ArtigoDincon.pdf:pdf},
keywords = {a realiza\c{c}\~{a}o de uma,an\'{a}-,computacionais para a aquisi\c{c}\~{a}o,dados em diferentes formatos,dados em diversas \'{a}reas,de grande volume de,dependendo do objetivo,e o gerenciamento de,esses sis-,temas possibilitam o armazenamento},
title = {Study on the influence of {Lp} norm similarity measures in the {kNN-TSP} algorithm for time series forecasting (in {P}ortuguese)},
year = {2011},
pages={339--342}
}